<?xml version="1.0" encoding="UTF-8"?><record xmlns="http://www.loc.gov/MARC21/slim" xmlns:cinclude="http://apache.org/cocoon/include/1.0" xmlns:zs="http://www.loc.gov/zing/srw/">
  <leader>00588cz  a2200133n  4500</leader>
  <controlfield tag="001">n 2009025127</controlfield>
  <controlfield tag="003">DLC</controlfield>
  <controlfield tag="005">20090424075211.0</controlfield>
  <controlfield tag="008">090423n| acannaabn          |a ana      </controlfield>
  <datafield tag="010" ind1=" " ind2=" ">
    <subfield code="a">n 2009025127</subfield>
  </datafield>
  <datafield tag="040" ind1=" " ind2=" ">
    <subfield code="a">DLC</subfield>
    <subfield code="b">eng</subfield>
    <subfield code="c">DLC</subfield>
  </datafield>
  <datafield tag="110" ind1="1" ind2=" ">
    <subfield code="a">Portugal.</subfield>
    <subfield code="t">Lei no. 58/2008, de 9 de setembro</subfield>
  </datafield>
  <datafield tag="410" ind1="1" ind2=" ">
    <subfield code="a">Portugal.</subfield>
    <subfield code="t">Estatuto disciplinar dos trabalhores que exercem funções públicas</subfield>
  </datafield>
  <datafield tag="670" ind1=" " ind2=" ">
    <subfield code="a">Portugal. Estatuto disciplinar dos trabalhores que exercem funções públicas, 2009:</subfield>
    <subfield code="b">p. 7 (Lei no. 58/2008, de 9 de setembro; Estatuto disciplinar dos trabalhores que exercem funções públicas)</subfield>
  </datafield>
</record>